@article{Mohammadi2017AllocationCost,
    title = {{Allocation of Centralized Energy Storage System and Its Effect on Daily Grid Energy Generation Cost}},
    year = {2017},
    journal = {IEEE Transactions on Power Systems},
    author = {Mohammadi, Farshad and Gholami, Hassan and Gharehpetian, Gevork B. and Hosseinian, Seyed Hossein},
    number = {3},
    volume = {32},
    doi = {10.1109/TPWRS.2016.2613178},
    issn = {08858950}
}

@article{Lesieutre2005ConvexityMarkets,
    title = {{Convexity of the set of feasible injections and revenue adequacy in FTR Markets}},
    year = {2005},
    journal = {IEEE Transactions on Power Systems},
    author = {Lesieutre, Bernard C. and Hiskens, Ian A.},
    number = {4},
    volume = {20},
    doi = {10.1109/TPWRS.2005.857268},
    issn = {08858950}
}

@inproceedings{Defferrard2016ConvolutionalFiltering,
    title = {{Convolutional neural networks on graphs with fast localized spectral filtering}},
    year = {2016},
    booktitle = {Advances in Neural Information Processing Systems},
    author = {Defferrard, MichaÃ«l and Bresson, Xavier and Vandergheynst, Pierre},
    issn = {10495258}
}

@inproceedings{He2016DeepRecognition,
    title = {{Deep residual learning for image recognition}},
    year = {2016},
    booktitle = {Proceedings of the IEEE Computer Society Conference on Computer Vision and Pattern Recognition},
    author = {He, Kaiming and Zhang, Xiangyu and Ren, Shaoqing and Sun, Jian},
    volume = {2016-December},
    doi = {10.1109/CVPR.2016.90},
    issn = {10636919}
}

@article{Zhou2020GraphApplications,
    title = {{Graph neural networks: A review of methods and applications}},
    year = {2020},
    journal = {AI Open},
    author = {Zhou, Jie and Cui, Ganqu and Hu, Shengding and Zhang, Zhengyan and Yang, Cheng and Liu, Zhiyuan and Wang, Lifeng and Li, Changcheng and Sun, Maosong},
    volume = {1},
    doi = {10.1016/j.aiopen.2021.01.001},
    issn = {26666510}
}

@article{Cain2012HistoryFormulations,
    title = {{History of Optimal Power Flow and Formulations}},
    year = {2012},
    journal = {Federal Energy Regulatory Commission. {\ldots}},
    author = {Cain, Mb and O'Neill, Rp and Castillo, A},
    number = {December}
}

@article{Cain2012HistoryFormulationsb,
    title = {{History of Optimal Power Flow and Formulations}},
    year = {2012},
    journal = {Federal Energy Regulatory Commission. {\ldots}},
    author = {Cain, Mb and O'Neill, Rp and Castillo, A},
    number = {December}
}

@misc{Liu2020IntroductionNetworks,
    title = {{Introduction to Graph Neural Networks}},
    year = {2020},
    booktitle = {Synthesis Lectures on Artificial Intelligence and Machine Learning},
    author = {Liu, Zhiyuan and Zhou, Jie},
    number = {2},
    volume = {14},
    doi = {10.2200/S00980ED1V01Y202001AIM045},
    issn = {19394616}
}

@misc{Liu2020IntroductionNetworksb,
    title = {{Introduction to Graph Neural Networks}},
    year = {2020},
    booktitle = {Synthesis Lectures on Artificial Intelligence and Machine Learning},
    author = {Liu, Zhiyuan and Zhou, Jie},
    number = {2},
    volume = {14},
    doi = {10.2200/S00980ED1V01Y202001AIM045},
    issn = {19394616}
}

@article{Gerlitz2015Large-scaleApproach,
    title = {{Large-scale atmospheric forcing and topographic modification of precipitation rates over High Asia - A neural-network-based approach}},
    year = {2015},
    journal = {Earth System Dynamics},
    author = {Gerlitz, L. and Conrad, O. and B{\"{o}}hner, J.},
    number = {1},
    volume = {6},
    doi = {10.5194/esd-6-61-2015},
    issn = {21904987}
}

@article{Guha2019MachineFlow,
    title = {{Machine Learning for AC Optimal Power Flow}},
    year = {2019},
    author = {Guha, Neel and Wang, Zhecheng and Wytock, Matt and Majumdar, Arun},
    month = {10},
    url = {http://arxiv.org/abs/1910.08842},
    arxivId = {1910.08842}
}

@inproceedings{Rahman2020MachineFlow,
    title = {{Machine learning-aided security constrained optimal power flow}},
    year = {2020},
    booktitle = {IEEE Power and Energy Society General Meeting},
    author = {Rahman, Jubeyer and Feng, Cong and Zhang, Jie},
    volume = {2020-August},
    doi = {10.1109/PESGM41954.2020.9281941},
    issn = {19449933}
}

@article{Wachter2006OnProgramming,
    title = {{On the implementation of an interior-point filter line-search algorithm for large-scale nonlinear programming}},
    year = {2006},
    journal = {Mathematical Programming},
    author = {W{\"{a}}chter, Andreas and Biegler, Lorenz T.},
    number = {1},
    volume = {106},
    doi = {10.1007/s10107-004-0559-y},
    issn = {00255610}
}

@article{Li2020OptimalEvolution,
    title = {{Optimal power flow by means of improved adaptive differential evolution}},
    year = {2020},
    journal = {Energy},
    author = {Li, Shuijia and Gong, Wenyin and Wang, Ling and Yan, Xuesong and Hu, Chengyu},
    month = {5},
    volume = {198},
    publisher = {Elsevier Ltd},
    doi = {10.1016/j.energy.2020.117314},
    issn = {03605442},
    keywords = {Adaptive differential evolution, Constrained optimization, Optimal power flow, Power system}
}

@article{Shaheen2019OptimalAlgorithm,
    title = {{Optimal power flow of power systems including distributed generation units using sunflower optimization algorithm}},
    year = {2019},
    journal = {IEEE Access},
    author = {Shaheen, Mohamed A.M. and Hasanien, Hany M. and Mekhamer, S. F. and Talaat, Hossam E.A.},
    pages = {109289--109300},
    volume = {7},
    publisher = {Institute of Electrical and Electronics Engineers Inc.},
    doi = {10.1109/ACCESS.2019.2933489},
    issn = {21693536},
    keywords = {Optimal power flow, Optimization, Power systems, Renewable energy}
}

@inproceedings{Owerko2020OptimalNetworks,
    title = {{Optimal Power Flow Using Graph Neural Networks}},
    year = {2020},
    booktitle = {ICASSP, IEEE International Conference on Acoustics, Speech and Signal Processing - Proceedings},
    author = {Owerko, Damian and Gama, Fernando and Ribeiro, Alejandro},
    volume = {2020-May},
    doi = {10.1109/ICASSP40776.2020.9053140},
    issn = {15206149}
}

@article{Thurner2017PandapowerSystems,
    title = {{pandapower - an Open Source Python Tool for Convenient Modeling, Analysis and Optimization of Electric Power Systems}},
    year = {2017},
    author = {Thurner, Leon and Scheidler, Alexander and Sch{\"{a}}fer, Florian and Menke, Jan-Hendrik and Dollichon, Julian and Meier, Friederike and Meinecke, Steffen and Braun, Martin},
    month = {9},
    url = {http://arxiv.org/abs/1709.06743 http://dx.doi.org/10.1109/TPWRS.2018.2829021},
    doi = {10.1109/TPWRS.2018.2829021},
    arxivId = {1709.06743}
}

@article{Tang2017Real-TimeFlow,
    title = {{Real-Time Optimal Power Flow}},
    year = {2017},
    journal = {IEEE Transactions on Smart Grid},
    author = {Tang, Yujie and Dvijotham, Krishnamurthy and Low, Steven},
    number = {6},
    month = {11},
    pages = {2963--2973},
    volume = {8},
    publisher = {Institute of Electrical and Electronics Engineers Inc.},
    doi = {10.1109/TSG.2017.2704922},
    issn = {19493053},
    keywords = {Optimal power flow, quasi-Newton method, time-varying optimization}
}

@article{Bienstock2019StrongFeasibility,
    title = {{Strong NP-hardness of AC power flows feasibility}},
    year = {2019},
    journal = {Operations Research Letters},
    author = {Bienstock, Daniel and Verma, Abhinav},
    number = {6},
    volume = {47},
    doi = {10.1016/j.orl.2019.08.009},
    issn = {01676377}
}

@article{Bienstock2019StrongFeasibilityb,
    title = {{Strong NP-hardness of AC power flows feasibility}},
    year = {2019},
    journal = {Operations Research Letters},
    author = {Bienstock, Daniel and Verma, Abhinav},
    number = {6},
    volume = {47},
    doi = {10.1016/j.orl.2019.08.009},
    issn = {01676377}
}

@article{Bienstock2019StrongFeasibilityc,
    title = {{Strong NP-hardness of AC power flows feasibility}},
    year = {2019},
    journal = {Operations Research Letters},
    author = {Bienstock, Daniel and Verma, Abhinav},
    number = {6},
    volume = {47},
    doi = {10.1016/j.orl.2019.08.009},
    issn = {01676377}
}